@Article{macosko2015highly,
    Author="Macosko, E. Z.  and Basu, A.  and Satija, R.  and Nemesh, J.  and Shekhar, K.  and Goldman, M.  and Tirosh, I.  and Bialas, A. R.  and Kamitaki, N.  and Martersteck, E. M.  and Trombetta, J. J.  and Weitz, D. A.  and Sanes, J. R.  and Shalek, A. K.  and Regev, A.  and McCarroll, S. A. ",
    Title={{H}ighly Parallel Genome-wide Expression Profiling of Individual Cells Using Nanoliter Droplets},
    Journal="Cell",
    Year="2015",
    Volume="161",
    Number="5",
    Pages="1202--1214",
    Month="May"
}

@Article{klein2015droplet,
    Author="Klein, A. M.  and Mazutis, L.  and Akartuna, I.  and Tallapragada, N.  and Veres, A.  and Li, V.  and Peshkin, L.  and Weitz, D. A.  and Kirschner, M. W. ",
    Title="{{D}roplet barcoding for single-cell transcriptomics applied to embryonic stem cells}",
    Journal="Cell",
    Year="2015",
    Volume="161",
    Number="5",
    Pages="1187--1201",
    Month="May"
}

@Article{zheng2017massively,
    Author="Zheng, G. X.  and Terry, J. M.  and Belgrader, P.  and Ryvkin, P.  and Bent, Z. W.  and Wilson, R.  and Ziraldo, S. B.  and Wheeler, T. D.  and McDermott, G. P.  and Zhu, J.  and Gregory, M. T.  and Shuga, J.  and Montesclaros, L.  and Underwood, J. G.  and Masquelier, D. A.  and Nishimura, S. Y.  and Schnall-Levin, M.  and Wyatt, P. W.  and Hindson, C. M.  and Bharadwaj, R.  and Wong, A.  and Ness, K. D.  and Beppu, L. W.  and Deeg, H. J.  and McFarland, C.  and Loeb, K. R.  and Valente, W. J.  and Ericson, N. G.  and Stevens, E. A.  and Radich, J. P.  and Mikkelsen, T. S.  and Hindson, B. J.  and Bielas, J. H. ",
    Title="{{M}assively parallel digital transcriptional profiling of single cells}",
    Journal="Nat Commun",
    Year="2017",
    Volume="8",
    Pages="14049",
    Month="Jan"
}

@Article{islam2014quantitative,
    Author="Islam, S.  and Zeisel, A.  and Joost, S.  and La Manno, G.  and Zajac, P.  and Kasper, M.  and Lonnerberg, P.  and Linnarsson, S. ",
    Title="{{Q}uantitative single-cell {R}{N}{A}-seq with unique molecular identifiers}",
    Journal="Nat. Methods",
    Year="2014",
    Volume="11",
    Number="2",
    Pages="163--166",
    Month="Feb"
}

@Article{pollen2014low,
    Author="Pollen, A. A.  and Nowakowski, T. J.  and Shuga, J.  and Wang, X.  and Leyrat, A. A.  and Lui, J. H.  and Li, N.  and Szpankowski, L.  and Fowler, B.  and Chen, P.  and Ramalingam, N.  and Sun, G.  and Thu, M.  and Norris, M.  and Lebofsky, R.  and Toppani, D.  and Kemp, D. W.  and Wong, M.  and Clerkson, B.  and Jones, B. N.  and Wu, S.  and Knutsson, L.  and Alvarado, B.  and Wang, J.  and Weaver, L. S.  and May, A. P.  and Jones, R. C.  and Unger, M. A.  and Kriegstein, A. R.  and West, J. A. ",
    Title="{{L}ow-coverage single-cell m{R}{N}{A} sequencing reveals cellular heterogeneity and activated signaling pathways in developing cerebral cortex}",
    Journal="Nat. Biotechnol.",
    Year="2014",
    Volume="32",
    Number="10",
    Pages="1053--1058",
    Month="Oct"
}

@Article{picelli2013smartseq2,
    Author="Picelli, S.  and Bjorklund, A. K.  and Faridani, O. R.  and Sagasser, S.  and Winberg, G.  and Sandberg, R. ",
    Title="{{S}mart-seq2 for sensitive full-length transcriptome profiling in single cells}",
    Journal="Nat. Methods",
    Year="2013",
    Volume="10",
    Number="11",
    Pages="1096--1098",
    Month="Nov"
}

@article{regev2017human,
    author = {Regev, A. and Teichmann, S. and Lander, E. S. and Amit, I. and Benoist, C. and Birney, E. and Bodenmiller, B. and Campbell, P. and Carninci, P. and Clatworthy, M. and Clevers, H. and Deplancke, B. and Dunham, I. and Eberwine, J. and Eils, R. and Enard, W. and Farmer, A. and Fugger, L. and Gottgens, B. and Hacohen, N. and Haniffa, M. and Hemberg, M. and Kim, S. K. and Klenerman, P. and Kriegstein, A. and Lein, E. and Linnarsson, S. and Lundeberg, J. and Majumder, P. and Marioni, J. and Merad, M. and Mhlanga, M. and Nawijn, M. and Netea, M. and Nolan, G. and Pe{\textquoteright}er, D. and Philipakis, A. and Ponting, C. P. and Quake, S. R. and Reik, W. and Rozenblatt-Rosen, O. and Sanes, J. R. and Satija, R. and Shumacher, T. and Shalek, A. K. and Shapiro, E. and Sharma, P. and Shin, J. and Stegle, O. and Stratton, M. and Stubbington, M. J. T. and van Oudenaarden, A. and Wagner, A. and Watt, F. M. and Weissman, J. S. and Wold, B. and Xavier, R. J. and Yosef, N.},
    title = {The Human Cell Atlas},
    year = {2017},
    doi = {10.1101/121202},
    publisher = {Cold Spring Harbor Labs Journals},
    journal = {bioRxiv}
}

@Article{robinson2010edgeR,
    Author="Robinson, M. D.  and McCarthy, D. J.  and Smyth, G. K. ",
    Title="{edge{R}: a {B}ioconductor package for differential expression analysis of digital gene expression data}",
    Journal="Bioinformatics",
    Year="2010",
    Volume="26",
    Number="1",
    Pages="139--140",
    Month="Jan"
}

@article{gale1995good,
    title={Good-{T}uring frequency estimation without tears},
    author={Gale, William A and Sampson, Geoffrey},
    journal={Journal of Quantitative Linguistics},
    volume={2},
    number={3},
    pages={217--237},
    year={1995},
    publisher={Taylor \& Francis}
}

@Article{phipson2010permutation,
    Author="Phipson, B.  and Smyth, G. K. ",
    Title="{{P}ermutation {P}-values should never be zero: calculating exact {P}-values when permutations are randomly drawn}",
    Journal="Stat Appl Genet Mol Biol",
    Year="2010",
    Volume="9",
    Pages="Article39"
}

@article{benjamini1995controlling,
      title={Controlling the false discovery rate: a practical and powerful approach to multiple testing},
      author={Benjamini, Y. and Hochberg, Y.},
      journal={J. R. Stat. Soc. B},
      pages={289--300},
      year={1995},
      publisher={JSTOR}
}

@article{van2008visualizing,
    title={Visualizing data using t-{S}{N}{E}},
    author={Van der Maaten, L. and Hinton, G.},
    journal={J Mach Learn Res},
    volume={9},
    number={2579-2605},
    pages={85},
    year={2008}
}

